<record><leader>00000cas a22000007a 4500</leader><controlfield tag="001">20607725</controlfield><controlfield tag="008">891107d19311933couwr ne      0    0eng d</controlfield><datafield ind1=" " ind2=" " tag="010"><subfield code="a">sn 89052299 </subfield></datafield><datafield ind1=" " ind2=" " tag="040"><subfield code="a">CNQ</subfield><subfield code="b">eng</subfield><subfield code="c">CNQ</subfield><subfield code="d">OCLCQ</subfield></datafield><datafield ind1=" " ind2=" " tag="042"><subfield code="a">msc</subfield></datafield><datafield ind1="0" ind2=" " tag="130"><subfield code="a">Hygiene herald (Lyons, Colo. : 1931)</subfield></datafield><datafield ind1="1" ind2="4" tag="245"><subfield code="a">The Hygiene herald.</subfield></datafield><datafield ind1=" " ind2=" " tag="260"><subfield code="a">Lyons, Boulder Co., Colo. :</subfield><subfield code="b">C.R. Spencer</subfield></datafield><datafield ind1=" " ind2=" " tag="300"><subfield code="a">v.</subfield></datafield><datafield ind1=" " ind2=" " tag="310"><subfield code="a">Weekly</subfield></datafield><datafield ind1="1" ind2=" " tag="362"><subfield code="a">Began in 1931?</subfield></datafield><datafield ind1="0" ind2=" " tag="362"><subfield code="a">-v. 2, no. 50 (Nov. 24, 1933).</subfield></datafield><datafield ind1=" " ind2=" " tag="530"><subfield code="a">Available on microfilm from the Colorado Historical Society.</subfield></datafield><datafield ind1=" " ind2=" " tag="580"><subfield code="a">Published with: Lyons recorder, &lt;1931&gt;-Nov. 24, 1933.</subfield></datafield><datafield ind1=" " ind2=" " tag="588"><subfield code="a">Description based on: Vol. 2, no. 4 (Jan. 6, 1933).</subfield></datafield><datafield ind1=" " ind2=" " tag="752"><subfield code="a">United States</subfield><subfield code="b">Colorado</subfield><subfield code="c">Boulder</subfield><subfield code="d">Lyons.</subfield></datafield><datafield ind1="1" ind2=" " tag="777"><subfield code="t">Lyons recorder</subfield><subfield code="w">(DLC)sn 89052293</subfield></datafield><datafield ind1="1" ind2=" " tag="029"><subfield code="a">AU@</subfield><subfield code="b">000025900016</subfield></datafield></record>